% This file was created with Citavi 6.4.0.35

@booklet{Brehm.2004,
	author = {Brehm, Ingrid},
	year = {2004},
	title = {Polarographie},
	url = {https://roempp.thieme.de/lexicon/RD-16-02953},
	lastchecked = {28.05.2020},
	publisher = {{Thieme Gruppe}}
}


@booklet{redoxreaktion,
	author = {Helmenstine, {Anne Marie}},
	year = {Feb. 11, 2020},
	title = {Redox Titration Definition (Chemistry)},
	url = {https://www.thoughtco.com/definition-of-redox-titration-604635},
	lastchecked = {05.06.2020},
	publisher = {{ThoughtCo}}
}

@booklet{TWV,
	author = {},
	year = {},
	title = {},
	url = {},
	lastchecked = {05.06.2020},
	publisher = {{}}
}

@booklet{TWV,
	author = {},
	year = {},
	title = {},
	url = {},
	lastchecked = {05.06.2020},
	publisher = {{}}
}

@booklet{TWV,
	author = {},
	year = {},
	title = {},
	url = {},
	lastchecked = {05.06.2020},
	publisher = {{}}
}

@booklet{TWV,
	author = {},
	year = {},
	title = {},
	url = {},
	lastchecked = {05.06.2020},
	publisher = {{}}
}

@booklet{TWV,
	author = {},
	year = {},
	title = {},
	url = {},
	lastchecked = {05.06.2020},
	publisher = {{}}
}

@booklet{TWV,
	author = {},
	year = {},
	title = {},
	url = {},
	lastchecked = {05.06.2020},
	publisher = {{}}
}
